@online{overleaf,
    title = "Documentac√£o overleaf",
    note  = "\url{https://pt.overleaf.com/learn}",
    addendum = "(accessed: 11.05.2023)"
}

@online{material,
    title = " Material disponibilizado no moodle",
    note  = "\url{https://moodle2.estg.ipp.pt/course/view.php?id=310}",
    addendum = "(accessed: 11.05.2023)"
}